@article{Boyce:1975,
author = {Boyce, Raymond F. and Chamberlin, Donald D. and King, W. Frank and Hammer, Michael M.},
title = {Specifying Queries as Relational Expressions: The SQUARE Data Sublanguage},
year = {1975},
issue_date = {Nov. 1975},
publisher = {Association for Computing Machinery},
address = {New York, NY, USA},
volume = {18},
number = {11},
issn = {0001-0782},
url = {https://doi.org/10.1145/361219.361221},
doi = {10.1145/361219.361221},
journal = {Commun. ACM},
month = nov,
pages = {621–628},
numpages = {8},
keywords = {data sublanguages, database, tabular data, interactive problem solving, nonprocedural languages, casual user, query languages, relational data model, relational completeness, relations}
}

@inproceedings{Codd:1971,
author = {Codd, E. F.},
title = {A Data Base Sublanguage Founded on the Relational Calculus},
year = {1971},
isbn = {9781450373005},
publisher = {Association for Computing Machinery},
address = {New York, NY, USA},
url = {https://doi.org/10.1145/1734714.1734718},
doi = {10.1145/1734714.1734718},
booktitle = {Proceedings of the 1971 ACM SIGFIDET (Now SIGMOD) Workshop on Data Description, Access and Control},
pages = {35–68},
numpages = {34},
location = {San Diego, California},
series = {SIGFIDET '71}
}

@article{Stonebraker:1976,
author = {Stonebraker, Michael and Held, Gerald and Wong, Eugene and Kreps, Peter},
title = {The Design and Implementation of INGRES},
year = {1976},
issue_date = {Sept. 1976},
publisher = {Association for Computing Machinery},
address = {New York, NY, USA},
volume = {1},
number = {3},
issn = {0362-5915},
url = {https://doi.org/10.1145/320473.320476},
doi = {10.1145/320473.320476},
journal = {ACM Trans. Database Syst.},
month = sep,
pages = {189–222},
numpages = {34},
keywords = {protection, data integrity, nonprocedural language, data sublanguage, concurrency, relational database, database optimization, data organization, query decompositon, query language}
}

